@article{Zhang20095,
  title = {Probabilistic white matter fiber tracking using particle filtering and von Mises-Fisher sampling},
  journal = "Medical Image Analysis ",
  volume = "13",
  number = "1",
  pages = "5 - 18",
  year = "2009",
  issn = "1361-8415",
  doi = "http://dx.doi.org/10.1016/j.media.2008.05.001",
  url = "http://www.sciencedirect.com/science/article/pii/S1361841508000534",
  author = "Fan Zhang and Edwin R. Hancock and Casey Goodlett and Guido Gerig",
  keywords = "Diffusion tensor \{MRI\}",
  keywords = "Tractography",
  keywords = "Probabilistic fiber tracking",
  keywords = "Particle filtering",
  keywords = "von Mises–Fisher sampling "
}

@book{mardia2009directional,
  title={Directional Statistics},
  author={Mardia, K.V. and Jupp, P.E.},
  isbn={9780470317815},
  series={Wiley Series in Probability and Statistics},
  url={http://books.google.com/books?id=PTNiCm4Q-M0C},
  year={2009},
  publisher={Wiley}
}

@ARTICLE{Doucet00onsequential,
    author = {Arnaud Doucet and Simon Godsill and Christophe Andrieu},
    title = {On Sequential Monte Carlo Sampling Methods for Bayesian Filtering},
    journal = {STATISTICS AND COMPUTING},
    year = {2000},
    volume = {10},
    number = {3},
    pages = {197--208}
}

@ARTICLE{Liu98sequentialmonte,
    author = {Jun S. Liu and Rong Chen},
    title = {Sequential Monte Carlo Methods for Dynamic Systems},
    journal = {Journal of the American Statistical Association},
    year = {1998},
    volume = {93},
    pages = {1032--1044}
}

@article{gordon:107,
  added-at = {2012-04-13T20:41:52.000+0200},
  author = {Gordon, N.J. and Salmond, D.J. and Smith, A.F.M.},
  biburl = {http://www.bibsonomy.org/bibtex/25c6a8a33b4aea7473d69ca591ce6bbec/aude.hofleitner},
  doi = {10.1049/ip-f-2.1993.0015},
  groups = {public},
  interhash = {6c4824b6332258aeca1a50f8549697d5},
  intrahash = {5c6a8a33b4aea7473d69ca591ce6bbec},
  journal = {IEEE Proceedings F, Radar and Signal Processing},
  keywords = {},
  number = 2,
  pages = {107-113},
  publisher = {IET},
  timestamp = {2012-04-13T20:41:52.000+0200},
  title = {Novel approach to nonlinear/non-Gaussian Bayesian state estimation},
  username = {aude.hofleitner},
  volume = 140,
  year = 1993
}

@book{doucet2001sequential,
  title={Sequential Monte Carlo Methods in Practice},
  author={Doucet, A. and de Freitas, N. and Gordon, N.},
  isbn={9780387951461},
  lccn={00047093},
  series={Information Science and Statistics},
  url={http://books.google.com/books?id=uxX-koqKtMMC},
  year={2001},
  publisher={Springer}
}

@article{Carr:2006:HIS:1187627.1187777,
 author = {Carr, Hamish and Duffy, Brian and Denby, Barry},
 title = {On Histograms and Isosurface Statistics},
 journal = {IEEE Transactions on Visualization and Computer Graphics},
 issue_date = {September 2006},
 volume = {12},
 number = {5},
 month = sep,
 year = {2006},
 issn = {1077-2626},
 pages = {1259--1266},
 numpages = {8},
 url = {http://dx.doi.org/10.1109/TVCG.2006.168},
 doi = {10.1109/TVCG.2006.168},
 acmid = {1187777},
 publisher = {IEEE Educational Activities Department},
 address = {Piscataway, NJ, USA},
 keywords = {histograms, histograms, isosurfaces, isosurface statistics, isosurface statistics, isosurfaces},
}

@inproceedings{DBLP:conf/ldav/ThompsonLBBGPP11,
  author    = {David C. Thompson and
               Joshua A. Levine and
               Janine Bennett and
               Peer{-}Timo Bremer and
               Attila Gyulassy and
               Valerio Pascucci and
               Philippe P. P{\'{e}}bay},
  title     = {Analysis of large-scale scalar data using hixels},
  booktitle = {{IEEE} Symposium on Large Data Analysis and Visualization, {LDAV}
               2011, Providence, Rhode Island, USA, 23-24 October, 2011},
  year      = {2011},
  pages     = {23--30},
  crossref  = {DBLP:conf/ldav/2011},
  url       = {http://dx.doi.org/10.1109/LDAV.2011.6092313},
  doi       = {10.1109/LDAV.2011.6092313},
  timestamp = {Mon, 22 Sep 2014 21:27:33 +0200},
  biburl    = {http://dblp.uni-trier.de/rec/bib/conf/ldav/ThompsonLBBGPP11},
  bibsource = {dblp computer science bibliography, http://dblp.org}
}

@INPROCEEDINGS{Otto11a,
  author = {Mathias Otto and Tobias Germer and Holger Theisel},
  title = {Uncertain Topology of 3D Vector Fields},
  booktitle = {2011 IEEE Pacific Visualization Symposium (PacificVis)},
  year = {2011},
}

@ARTICLE{Otto10a,
  author = {Mathias Otto and Tobias Germer and Hans-Christian Hege and Holger Theisel},
  title = {Uncertain 2D Vector Field Topology},
  journal = {Computer Graphics Forum (Proceedings of Eurographics 2010, Norrköpping, Sweden)},
  year = {2010},
  volume = {29},
  number = {2},
  pages = {347--356}
}

@article{10.1109/TVCG.2013.208,
  author = {Tushar Athawale and Alireza Entezari},
  title = {Uncertainty Quantification in Linear Interpolation for Isosurface Extraction},
  journal ={IEEE Transactions on Visualization and Computer Graphics},
  volume = {19},
  number = {12},
  issn = {1077-2626},
  year = {2013},
  pages = {2723-2732},
  doi = {http://doi.ieeecomputersociety.org/10.1109/TVCG.2013.208},
  publisher = {IEEE Computer Society},
  address = {Los Alamitos, CA, USA},
}

@INPROCEEDINGS{6787168,
  author={Chaudhuri, A and Tzu Hsuan Wei and Teng Yok Lee and Han Wei Shen and Peterka, T.},
  booktitle={Pacific Visualization Symposium (PacificVis), 2014 IEEE},
  title={Efficient Range Distribution Query for Visualizing Scientific Data},
  year={2014},
  month={March},
  pages={201-208},
  keywords={data structures;data visualisation;database indexing;distributed databases;natural sciences computing;query processing;axis-aligned query region distribution;data structure transformation;decomposition;distribution retrieval;distribution-based data summaries;integral histogram;large-scale data;query interactivity;range distribution query answering;response time;scientific data visualization;similarity-driven indexing;statistical measures;statistical queries;storage cost reduction;visualization applications;Approximation methods;Data visualization;Electronic mail;Histograms;Indexing;Three-dimensional displays;Time factors;Distributions;Indexing;Large data;Query},
  doi={10.1109/PacificVis.2014.60},
}

@INPROCEEDINGS{6378985,
  author={Chaudhuri, A and Teng-Yok Lee and Bo Zhou and Cong Wang and Tiantian Xu and Han-Wei Shen and Peterka, T. and Yi-Jen Chiang},
  booktitle={Large Data Analysis and Visualization (LDAV), 2012 IEEE Symposium on},
  title={Scalable computation of distributions from large scale data sets},
  year={2012},
  month={Oct},
  pages={113-120},
  keywords={data analysis;data visualisation;information theory;parallel processing;cross-validation;data distribution;distributed software framework;distribution scalable computation;distribution-based data analysis;distribution-driven analysis;exascale computing;histogram computation;histogram evaluation;histogram parameter estimation;information theoretic analysis;large scale data analysis;large scale data sets;large scale data summarization;large scale data visualization;parallel techniques;rectilinear grid data;regular grid data;scalar data;vector data;Accuracy;Computational modeling;Data models;Distributed databases;Entropy;Histograms;Vectors},
  doi={10.1109/LDAV.2012.6378985},}

@INPROCEEDINGS{Corouge04towardsa,
  author = {Isabelle Corouge and Sylvain Gouttard and Guido Gerig},
  title = {Towards a shape model of white matter fiber bundles using diffusion tensor MRI},
  booktitle = {},
  year = {2004},
  pages = {344--347}
}

@ARTICLE{Roessl:2012:TVCG,
  author = {C. R{\"o}ssl and H. Theisel},
  title = {Streamline Embedding for 3D Vector Field Exploration},
  journal = {IEEE Transactions on Visualiztion and Computer Graphics},
  year = {2012},
  pages = {407--420},
  volume = {18-3},
  note = {fast track TVCG from IEEE Visualization 2010},
  url = {http://wwwisg.uni-magdeburg.de/visual}
}

@article{journals/mia/PontabryROSKD13,
  added-at = {2013-04-12T00:00:00.000+0200},
  author = {Pontabry, Julien and Rousseau, F. and Oubel, Estanislao and Studholme, Colin and Koob, Meriam and Dietemann, Jean-Louis},
  biburl = {http://www.bibsonomy.org/bibtex/2a75025a9ef8bdbb52602defc6dd383af/dblp},
  ee = {http://dx.doi.org/10.1016/j.media.2012.11.004},
  interhash = {d9a513792b803e198ac8bca06f687894},
  intrahash = {a75025a9ef8bdbb52602defc6dd383af},
  journal = {Medical Image Analysis},
  keywords = {dblp},
  number = 3,
  pages = {297-310},
  timestamp = {2013-04-12T00:00:00.000+0200},
  title = {Probabilistic tractography using Q-ball imaging and particle filtering: Application to adult and in-utero fetal brain studies.},
  url = {http://dblp.uni-trier.de/db/journals/mia/mia17.html\#PontabryROSKD13},
  volume = 17,
  year = 2013
}

@inproceedings{conf/ldav/LiuLBP12,
  added-at = {2013-09-18T00:00:00.000+0200},
  author = {Liu, Shusen and Levine, Joshua A. and Bremer, Peer-Timo and Pascucci, Valerio},
  biburl = {http://www.bibsonomy.org/bibtex/2144dbd1de77116a9c8a805da96ac4ad7/dblp},
  booktitle = {LDAV},
  crossref = {conf/ldav/2012},
  editor = {Barga, Roger S. and Pfister, Hanspeter and Rogers, David},
  ee = {http://dx.doi.org/10.1109/LDAV.2012.6378978},
  interhash = {e7c0380204396e2366f6fc87dd337ced},
  intrahash = {144dbd1de77116a9c8a805da96ac4ad7},
  isbn = {978-1-4673-4732-7},
  keywords = {dblp},
  pages = {73-77},
  publisher = {IEEE},
  timestamp = {2013-09-18T00:00:00.000+0200},
  title = {Gaussian mixture model based volume visualization.},
  url = {http://dblp.uni-trier.de/db/conf/ldav/ldav2012.html\#LiuLBP12},
  year = 2012
}

@inproceedings{conf/visualization/LodhaPSW96,
  added-at = {2011-11-30T00:00:00.000+0100},
  author = {Lodha, Suresh K. and Pang, Alex and Sheehan, Robert E. and Wittenbrink, Craig M.},
  biburl = {http://www.bibsonomy.org/bibtex/29887209f416bb12f3742ef0f51db538e/dblp},
  booktitle = {IEEE Visualization},
  ee = {http://doi.ieeecomputersociety.org/10.1109/VISUAL.1996.568116},
  interhash = {4a89099380b420aff73f228e887d942e},
  intrahash = {9887209f416bb12f3742ef0f51db538e},
  keywords = {dblp},
  pages = {249-254},
  timestamp = {2011-11-30T00:00:00.000+0100},
  title = {UFLOW: Visualizing Uncertainty in Fluid Flow.},
  url = {http://dblp.uni-trier.de/db/conf/visualization/visualization1996.html\#LodhaPSW96},
  year = 1996
}

@inproceedings{citeulike:4002316,
  author = {Wittenbrink, Craig and Saxon, Elijah and Furman, Jeff J. and Pang, Alex and Lodha, Suresh},
  booktitle = {IEEE Transactions on Visualization and Computer Graphics},
  citeulike-article-id = {4002316},
  citeulike-linkout-0 = {http://citeseerx.ist.psu.edu/viewdoc/summary?doi=10.1.1.51.3956},
  keywords = {uncertainty, visualization},
  pages = {266--279},
  posted-at = {2009-02-03 19:58:49},
  priority = {2},
  title = {{Glyphs for Visualizing Uncertainty in Environmental Vector Fields}},
  url = {http://citeseerx.ist.psu.edu/viewdoc/summary?doi=10.1.1.51.3956},
  volume = {2410},
  year = {1995}
}

@article{10.1109/VIS.2005.97,
  author = {Ralf P. Botchen and Daniel Weiskopf},
  title = {Texture-Based Visualization of Uncertainty in Flow Fields},
  journal ={In IEEE Visualization},
  volume = {0},
  isbn = {0-7803-9462-3},
  year = {2005},
  pages = {82},
  doi = {http://doi.ieeecomputersociety.org/10.1109/VIS.2005.97},
  publisher = {IEEE Computer Society},
  address = {Los Alamitos, CA, USA},
}

@InProceedings{  botchen:2006:IVUF,
  author =   {Ralf P. Botchen and Daniel Weiskopf and Thomas Ertl},
  title =    {Interactive visualisation of uncertainty in flow
  fields using texture-based techniques},
  booktitle =    {12th International Symposium on Flow Visualisation},
  year =   {2006},
}

@InProceedings{  zuk:2008:UBVF,
  author =   {Torre Zuk and Jon Downton and David Gray and
  Sheelagh Carpendale and JD Liang},
  title =    {Exploration of Uncertainty in Bidirectional Vector Fields},
  booktitle =    {Society of Photo-Optical Instrumentation Engineers (SPIE) Conference Series},
  note =   {published online},
  year =   {2008},
  volume =   {6809},
}

@inproceedings{conf/visualization/SandersonJK04,
  added-at = {2011-11-30T00:00:00.000+0100},
  author = {Sanderson, Allen R. and Johnson, Chris R. and Kirby, Robert M.},
  biburl = {http://www.bibsonomy.org/bibtex/21985cd7e2896d33996a5d0cf9d59a665/dblp},
  booktitle = {IEEE Visualization},
  crossref = {conf/visualization/2004},
  ee = {http://doi.ieeecomputersociety.org/10.1109/VISUAL.2004.25},
  interhash = {48cef869499d07a4e171d5fbd3191da3},
  intrahash = {1985cd7e2896d33996a5d0cf9d59a665},
  isbn = {0-7803-8788-0},
  keywords = {dblp},
  pages = {115-122},
  publisher = {IEEE Computer Society},
  timestamp = {2011-11-30T00:00:00.000+0100},
  title = {Display of Vector Fields Using a Reaction-Diffusion Model.},
  url = {http://dblp.uni-trier.de/db/conf/visualization/visualization2004.html\#SandersonJK04},
  year = 2004
}

@article{haller2002approx,
  author = {Haller, G.},
  citeulike-article-id = {10245575},
  journal = {Physics of Fluids},
  keywords = {2-dimensional, double-gyre, dynamics, fields, fluid-flows, invariant-manifolds, surfaces, time, transport, turbulence},
  number = {6},
  pages = {1851--1861},
  posted-at = {2012-01-19 17:10:45},
  priority = {2},
  title = {{Lagrangian coherent structures from approximate velocity data}},
  volume = {14},
  year = {2002}
}

@ARTICLE{Isard98condensation-,
  author = {Michael Isard and Andrew Blake},
  title = {CONDENSATION - conditional density propagation for visual tracking},
  journal = {International Journal of Computer Vision},
  year = {1998},
  volume = {29},
  pages = {5--28}
}

@inproceedings{conf/iccv/PerezBG01,
  added-at = {2002-08-21T00:00:00.000+0200},
  author = {Pérez, Patrick and Blake, Andrew and Gangnet, Michel},
  biburl = {http://www.bibsonomy.org/bibtex/229d243cd28bbf36519dfa7edd31edecf/dblp},
  booktitle = {ICCV},
  date = {2002-08-21},
  description = {dblp},
  interhash = {7453aa3854ae8121b69f8c6b160bba81},
  intrahash = {29d243cd28bbf36519dfa7edd31edecf},
  keywords = {dblp},
  pages = {524-531},
  timestamp = {2002-08-21T00:00:00.000+0200},
  title = {JetStream: Probabilistic Contour Extraction with Particles.},
  url = {http://dblp.uni-trier.de/db/conf/iccv/iccv2001-2.html\#PerezBG01},
  year = 2001
}

@INPROCEEDINGS{Brun02whitematter,
  author = {A. Brun and M. Bjornemo and R. Kikinis and C. -f. Westin},
  title = {White matter tractography using sequential importance sampling},
  booktitle = {ISMRM 2002},
  year = {2002},
  pages = {1131}
}

@InProceedings{bjornemoMICCAI02,
  author         = {M. Bj\"ornemo and A. Brun and R. Kikinis and C.-F. Westin},
  title          = {Regularized Stochastic White Matter Tractography Using
  Diffusion  Tensor {MRI}},
  booktitle      = {Fifth International Conference on Medical Image Computing
  and  Computer-Assisted Intervention (MICCAI'02)},
  pages          = {435--442},
  year           = 2002,
  address        = {Tokyo, Japan}
}

@inproceedings{bb69534,
  author = {Canton Ferrer, C. and Casas, J. R. and Pardas, M.},
  booktitle = {3DTV09},
  citeulike-article-id = {6641757},
  keywords = {ig, skeleton},
  pages = {1--4},
  posted-at = {2010-02-08 11:00:03},
  priority = {2},
  title = {{Voxel based annealed particle filtering for markerless 3D articulated motion capture}},
  year = {2009}
}

@article{journals/pami/GemanJ96,
  added-at = {2011-11-07T00:00:00.000+0100},
  author = {Geman, Donald and Jedynak, Bruno},
  biburl = {http://www.bibsonomy.org/bibtex/2beacb4c74ecd60a2148731c9c3348f64/dblp},
  ee = {http://doi.ieeecomputersociety.org/10.1109/34.476006},
  interhash = {7eccc603aabf04b0a024df3baa51b62a},
  intrahash = {beacb4c74ecd60a2148731c9c3348f64},
  journal = {IEEE Trans. Pattern Anal. Mach. Intell.},
  keywords = {dblp},
  number = 1,
  pages = {1-14},
  timestamp = {2011-11-07T00:00:00.000+0100},
  title = {An Active Testing Model for Tracking Roads in Satellite Images.},
  url = {http://dblp.uni-trier.de/db/journals/pami/pami18.html\#GemanJ96},
  volume = 18,
  year = 1996
}

@article{Zhao2012,
  author = {Zhao, Jian},
  file = {:home/wenbin/Dropbox/papers/A Particle Filter Based Approach of Visualizing Time-varying Volume - 2012.pdf:pdf},
  journal = {IEEE Symposium on Large-Scale Data Analysis and Visualization, Poster Session},
  title = {{A Particle Filter Based Approach of Visualizing Time-varying Volume}},
  url = {http://scholar.google.com/scholar?hl=en\&btnG=Search\&q=intitle:A+Particle+Filter+Based+Approach+of+Visualizing+Time-varying+Volume\#0},
  year = {2012}
}

@article{citeulike:3728470,
  author = {Ulrich, Gary},
  citeulike-article-id = {3728470},
  journal = {Applied Statistics},
  keywords = {directional\_statistics},
  number = {2},
  pages = {158--163},
  posted-at = {2008-11-30 04:00:14},
  priority = {2},
  publisher = {Blackwell},
  title = {{Computer generation of distributions on the m-sphere}},
  volume = {33},
  year = {1984}
}

@article{wood1994simulation,
  added-at = {2011-01-15T21:10:40.000+0100},
  author = {Wood, Andrew T.A.},
  biburl = {http://www.bibsonomy.org/bibtex/251a4d440670baa134ab621db1b646aed/ytyoun},
  interhash = {d3f60f1b17f40c08f43942ef36e5599c},
  intrahash = {51a4d440670baa134ab621db1b646aed},
  issn = {0361-0918},
  journal = {Communications in Statistics-Simulation and Computation},
  keywords = {von-mises-fisher},
  number = 1,
  pages = {157--164},
  publisher = {Taylor \& Francis},
  timestamp = {2011-01-15T21:10:40.000+0100},
  title = {{Simulation of the von Mises Fisher distribution}},
  volume = 23,
  year = 1994
}

@article{leopardi2006,
    author = {Leopardi, Paul},
    citeulike-article-id = {13106075},
    citeulike-linkout-0 = {http://www.emis.ams.org/journals/ETNA/vol.25.2006/pp309-327.dir/pp309-327.pdf},
    day = {21},
    journal = {Electronic Transactions on Numerical Analysis},
    month = mar,
    pages = {309--327},
    posted-at = {2014-03-13 14:43:29},
    priority = {2},
    title = {A PARTITION OF THE UNIT SPHERE INTO REGIONS OF EQUAL AREA AND SMALL DIAMETER},
    url = {http://www.emis.ams.org/journals/ETNA/vol.25.2006/pp309-327.dir/pp309-327.pdf},
    volume = {25},
    year = {2006}
}

@article{aggregation99,
year={1999},
issn={0272-4332},
journal={Risk Analysis},
volume={19},
number={2},
doi={10.1023/A:1006917509560},
title={Combining Probability Distributions From Experts in Risk Analysis},
url={http://dx.doi.org/10.1023/A%3A1006917509560},
publisher={Kluwer Academic Publishers-Plenum Publishers},
keywords={Combining probabilities; expert judgment; probability assessment},
author={Clemen, RobertT. and Winkler, RobertL.},
pages={187-203},
language={English}
}

@article{Basser1994,
  added-at = {2007-01-10T11:32:01.000+0100},
  author = {Basser, P. J. and Mattiello, J. and LeBihan, D.},
  biburl = {http://www.bibsonomy.org/bibtex/2704fcc55da44bc42d5232d23d622d020/bmeyer},
  description = {Diffusion Tensor Imaging (DTI)},
  interhash = {43e518d0f9693eba0d38dc1cd972f731},
  intrahash = {704fcc55da44bc42d5232d23d622d020},
  journal = {J Magn Reson B},
  keywords = {Water, Magnetic Animals, 8019776 Swine, Muscles, Mathematics, Spectroscopy, Resonance},
  month = Mar,
  number = 3,
  owner = {bzfbmeye},
  pages = {247--254},
  pmid = {8019776},
  timestamp = {2007-01-10T11:32:01.000+0100},
  title = {Estimation of the effective self-diffusion tensor from the NMR spin
  echo.},
  volume = 103,
  year = 1994
}

@Article{frimanTMI06,
  author         = {Ola Friman and Gunnar Farneback and Carl-Fredrik Westin},
  title          = {A {B}ayesian Approach for Stochastic White Matter
                   Tractography},
  journal        = {TMI},
  year           = {2006},
  volume         = {25},
  number         = {8},
  pages          = {965--978}
}

@article {Salvador05,
author = {Salvador, Raymond and Pe\~{n}a, Alonso and Menon, David K. and Carpenter, T. Adrian and Pickard, John D. and Bullmore, Ed T.},
title = {Formal characterization and extension of the linearized diffusion tensor model},
journal = {Human Brain Mapping},
volume = {24},
number = {2},
publisher = {Wiley Subscription Services, Inc., A Wiley Company},
issn = {1097-0193},
url = {http://dx.doi.org/10.1002/hbm.20076},
doi = {10.1002/hbm.20076},
pages = {144--155},
keywords = {DTI, FDR, anisotropy, goodness of fit, Rician distribution, confidence interval, diffusivity},
year = {2005},
}

@article{10.1109/TVCG.2012.249,
author = {Steven Schlegel and Nico Korn and Gerik Scheuermann},
title = {On the Interpolation of Data with Normally Distributed Uncertainty for Visualization},
journal ={IEEE Transactions on Visualization and Computer Graphics},
volume = {18},
number = {12},
issn = {1077-2626},
year = {2012},
pages = {2305-2314},
doi = {http://doi.ieeecomputersociety.org/10.1109/TVCG.2012.249},
publisher = {IEEE Computer Society},
address = {Los Alamitos, CA, USA},
}

@article{7045,
title = {{A short note on parameter approximation for von Mises-Fisher distributions: and a fast implementation of Is(x)}},
author = {Sra, S},
url = {http://www.springerlink.com/content/p2461g64h53x2543/fulltext.pdf},
doi = {10.1007/s00180-011-0232-x},
year = {2012},
date = {2012-03},
abstract = {{In high-dimensional directional statistics one of the most basic probability distributions is the von Mises-Fisher (vMF) distribution. Maximum likelihood estimation for the vMF distribution turns out to be surprisingly hard because of a difficult transcendental equation that needs to be solved for computing the concentration parameter $\kappa$. This paper is a followup to the recent paper of Tanabe et al. (Comput Stat 22(1):145--157, 2007), who exploited inequalities about Bessel function ratios to obtain an interval in which the parameter estimate for $\kappa$ should lie; their observation lends theoretical validity to the heuristic approximation of Banerjee et al. (JMLR 6:1345--1382, 2005). Tanabe et al. (Comput Stat 22(1):145--157, 2007) also presented a fixed-point algorithm for computing improved approximations for $\kappa$. However, their approximations require (potentially significant) additional computation, and in this short paper we show that given the same amount of computation as their method, one can achieve more accurate approximations using a truncated Newton method. A more interesting contribution of this paper is a simple algorithm for computing I s (x): the modified Bessel function of the first kind. Surprisingly, our na\"\ive implementation turns out to be several orders of magnitude faster for large arguments common to high-dimensional data, than the standard implementations in well-established software such as Mathematica \copyright, Maple \copyright, and Gp/Pari.}},
journal = {{Computational Statistics}},
volume = {27},
number = {1},
pages = {177--190},
}

@article{10.1109/TVCG.2011.265,
author = {H. Bhatia and S. Jadhav and P. Bremer and  Guoning Chen and J. A. Levine and L. G. Nonato and V. Pascucci},
title = {Flow Visualization with Quantified Spatial and Temporal Errors Using Edge Maps},
journal ={IEEE Transactions on Visualization and Computer Graphics},
volume = {18},
number = {9},
issn = {1077-2626},
year = {2012},
pages = {1383-1396},
doi = {http://doi.ieeecomputersociety.org/10.1109/TVCG.2011.265},
publisher = {IEEE Computer Society},
address = {Los Alamitos, CA, USA},
}

@article {fisher,
  author = {Fisher, Ronald},
  title = {Dispersion on a Sphere},
  volume = {217},
  number = {1130},
  pages = {295--305},
  year = {1953},
  doi = {10.1098/rspa.1953.0064},
  publisher = {The Royal Society},
  abstract = {Ronald FisherAbstract
        Any topological framework requires the development of a theory of errors of characteristic and appropriate mathematical form. The paper develops a form of theory which appears to be appropriate to measurements of position on a sphere. The primary problems of estimation as applied to the true direction, and the precision of observations, are discussed in the subcases which arise. The simultaneous distribution of the amplitude and direction of the vector sum of a number of random unit vectors of given precision, is demonstrated. From this is derived the test of significance appropriate to a worker whose knowledge of precision lies entirely in the internal evidence of the sample. This is the analogue of {\textquoteright}Student{\textquoteright}s{\textquoteright} test in the Gaussian theory of errors. The general formulae obtained are illustrated using measurements of the direction of remanent magnetization in the directly and inversely magnetized lava flows obtained in Iceland by Mr J. Hospers.},
  issn = {0080-4630},
  journal = {Proceedings of the Royal Society of London A: Mathematical, Physical and Engineering Sciences}
}

@book{Robert:2005:MCS:1051451,
 author = {Robert, Christian P. and Casella, George},
 title = {Monte Carlo Statistical Methods (Springer Texts in Statistics)},
 year = {2005},
 isbn = {0387212396},
 publisher = {Springer-Verlag New York, Inc.},
 address = {Secaucus, NJ, USA},
}

@book{devroye:1986,
  added-at = {2010-01-06T12:54:39.000+0100},
  author = {Devroye, Luc},
  biburl = {http://www.bibsonomy.org/bibtex/2e88b9f2888d9bcff53975ee61bf56d9c/vivion},
  date = {1986)},
  description = {Non-Uniform Random Variate Generation},
  interhash = {c728c5a049abb8424264f1095c992e20},
  intrahash = {e88b9f2888d9bcff53975ee61bf56d9c},
  keywords = {algorithms generation random simulation},
  location = {New York},
  publisher = {Springer-Verlag},
  timestamp = {2010-01-06T12:54:40.000+0100},
  title = {Non-Uniform Random Variate Generation(originally published with},
  url = {http://cg.scs.carleton.ca/~luc/rnbookindex.html},
  year = 1986
}

@article{Shadden2005271,
title = "Definition and properties of Lagrangian coherent structures from finite-time Lyapunov exponents in two-dimensional aperiodic flows ",
journal = "Physica D: Nonlinear Phenomena ",
volume = "212",
number = "3–4",
pages = "271 - 304",
year = "2005",
note = "",
issn = "0167-2789",
doi = "http://dx.doi.org/10.1016/j.physd.2005.10.007",
url = "http://www.sciencedirect.com/science/article/pii/S0167278905004446",
author = "Shawn C. Shadden and Francois Lekien and Jerrold E. Marsden",
keywords = "Coherent structures",
keywords = "Transport barriers",
keywords = "Direct and finite-time Lyapunov exponents",
keywords = "Mixing "
}

@INPROCEEDINGS{7156380,
author={Chun-Ming Chen and Biswas, A. and Han-Wei Shen},
booktitle={2015 IEEE Pacific Visualization Symposium (PacificVis)},
title={Uncertainty modeling and error reduction for pathline
computation in time-varying flow fields},
year={2015},
pages={215-222},
doi={10.1109/PACIFICVIS.2015.7156380},
month={April},}
